<record><leader>00000cas a22000007a 4500</leader><controlfield tag="001">13459583</controlfield><controlfield tag="008">860421c19579999wiuwr ne      0    0eng d</controlfield><datafield ind1=" " ind2=" " tag="010"><subfield code="a">sn 86086446 </subfield></datafield><datafield ind1=" " ind2=" " tag="040"><subfield code="a">NPV</subfield><subfield code="b">eng</subfield><subfield code="c">NPV</subfield><subfield code="d">OCL</subfield><subfield code="d">OCLCQ</subfield></datafield><datafield ind1=" " ind2=" " tag="042"><subfield code="a">msc</subfield></datafield><datafield ind1=" " ind2=" " tag="045"><subfield code="a">x5--</subfield></datafield><datafield ind1=" " ind2=" " tag="052"><subfield code="a">4123</subfield><subfield code="b">W2</subfield></datafield><datafield ind1="0" ind2=" " tag="130"><subfield code="a">Times (Walworth, Wis.)</subfield></datafield><datafield ind1="1" ind2="4" tag="245"><subfield code="a">The times.</subfield></datafield><datafield ind1="1" ind2="3" tag="246"><subfield code="a">Walworth times</subfield></datafield><datafield ind1="1" ind2="7" tag="246"><subfield code="a">Times, the reporter</subfield></datafield><datafield ind1="1" ind2="7" tag="246"><subfield code="a">Times, the Sharon reporter</subfield></datafield><datafield ind1="1" ind2="3" tag="246"><subfield code="a">Christmas times</subfield></datafield><datafield ind1=" " ind2=" " tag="260"><subfield code="a">Walworth, Wis. :</subfield><subfield code="b">F.J. Noer,</subfield><subfield code="c">1957-</subfield></datafield><datafield ind1=" " ind2=" " tag="300"><subfield code="a">v. :</subfield><subfield code="b">ill.</subfield></datafield><datafield ind1=" " ind2=" " tag="310"><subfield code="a">Weekly</subfield></datafield><datafield ind1="0" ind2=" " tag="362"><subfield code="a">Vol. 53, no. 35 (May 16, 1957)-</subfield></datafield><datafield ind1=" " ind2=" " tag="500"><subfield code="a">Title varies: Christmas times, Dec. 26, 1957.</subfield></datafield><datafield ind1=" " ind2=" " tag="500"><subfield code="a">Publisher varies.</subfield></datafield><datafield ind1=" " ind2=" " tag="500"><subfield code="a">"Walworth-Fontana-Williams Bay."</subfield></datafield><datafield ind1=" " ind2=" " tag="500"><subfield code="a">Editors: F.J. Noer, May 16, 1957-July 7, 1960, Sept. 7, 1967-April 10, 1980; F.J. Noer, Jr., April 17, 1980-</subfield></datafield><datafield ind1=" " ind2=" " tag="530"><subfield code="a">Available on microfilm from The State Historical Society of Wisconsin.</subfield></datafield><datafield ind1=" " ind2=" " tag="752"><subfield code="a">United States</subfield><subfield code="b">Wisconsin</subfield><subfield code="c">Walworth</subfield><subfield code="d">Walworth.</subfield></datafield><datafield ind1=" " ind2=" " tag="752"><subfield code="a">United States</subfield><subfield code="b">Wisconsin</subfield><subfield code="c">Walworth</subfield><subfield code="d">Williams Bay.</subfield></datafield><datafield ind1=" " ind2=" " tag="752"><subfield code="a">United States</subfield><subfield code="b">Wisconsin</subfield><subfield code="c">Walworth</subfield><subfield code="d">Fontana.</subfield></datafield><datafield ind1=" " ind2=" " tag="752"><subfield code="a">United States</subfield><subfield code="b">Wisconsin</subfield><subfield code="c">Walworth</subfield><subfield code="d">Fontana on Geneva Lake.</subfield></datafield><datafield ind1="0" ind2="0" tag="780"><subfield code="t">Walworth times</subfield><subfield code="w">(DLC)sn 86086445</subfield></datafield><datafield ind1="1" ind2=" " tag="029"><subfield code="a">AU@</subfield><subfield code="b">000025829076</subfield></datafield></record>